@article{qin,
  title   = {A Drinking Water Crisis in Lake Taihu, China: Linkage to Climatic Variability and Lake Management.},
  journal = {Envioremental Management},
  volume  = {},
  number  = {},
  pages   = {105--112},
  year    = {2010},
  doi     = {},
  author  = {Qin B, Zhu G, Gao G, Zhang Y, Li W, Paerl H, Carmichael W}
}

@article{Feynman1963118,
  title   = {The theory of a general quantum system interacting with a linear dissipative system},
  journal = {Annals of Physics },
  volume  = {24},
  pages   = {118--173},
  year    = {1963},
  doi     = {10.1016/0003-4916(63)90068-X},
  author  = {R. P Feynman and F. L {Vernon Jr.}}
}